
@Article{	  moncho-jorda2016a,
	
	author	= {Moncho-Jord{\'{a}}, Arturo and Dzubiella, Joachim},
	doi		= {10.1039/c5cp07794j},
	issn		= {14639076},
	journal	= {Phys. Chem. Chem. Phys.},
	number	= {7},
	pages		= {5372--5385},
	title		= {{Swelling of ionic microgel particles in the presence of
			excluded-volume interactions: A density functional
			approach}},
	volume	= {18},
	year		= {2016}
}

@Article{	  afroze2000,
	author	= {Afroze, F. and Nies, E. and Berghmans, H.},
	doi		= {10.1016/S0022-2860(00)00559-7},
	issn		= {00222860},
	journal	= {J. Mol. Struct.},
	keywords	= {Demixing,Networks,Poly(N-isopropylacrylamide),Solutions,Swelling},
	number	= {1},
	pages		= {55--68},
	title		= {{Phase transitions in the system
			poly(N-isopropylacrylamide)/water and swelling behaviour of
			the corresponding networks}},
	volume	= {554},
	year		= {2000}
}

@article{Giussi2015,
	author = {Giussi, Juan M and Velasco, Manuel I and Longo, Gabriel S and Acosta, Rodolfo H and Azzaroni, Omar},
	doi = {10.1039/C5SM01853F},
	issn = {1744-683X},
	journal = {Soft Matter},
	number = {45},
	pages = {8879--8886},
	title = {{Unusual temperature-induced swelling of ionizable poly(N-isopropylacrylamide)-based microgels: Experimental and theoretical insights into its molecular origin}},
	url = {http://dx.doi.org/10.1039/C5SM01853F},
	volume = {11},
	year = {2015}
}

@article{Giussi2020,
	author = {Giussi, Juan Mart{\'{i}}n and Martinez, Marta and Iborra, Agustin and Cortez, Mar{\'{i}}a Lorena and {Di Silvio}, Desire and Llarena, Irantzu and Longo, Gabriel S. and Azzaroni, Omar and Moya, Sergio Enrique},
	doi = {10.1039/c9sm02070e},
	issn = {1744-683X},
	journal = {Soft Matter},
	number = {4},
	pages = {881--890},
	title = {{A study of the complex interaction between poly allylamine hydrochloride and negatively charged poly(N-isopropylacrylamide-co-methacrylic acid) microgels}},
	volume = {16},
	year = {2020}
}

@article{voudouris2013micromechanics,
	title={Micromechanics of temperature sensitive microgels: dip in the Poisson ratio near the LCST},
	author={Voudouris, Panayiotis and Florea, Daniel and van der Schoot, Paul and Wyss, Hans M},
	doi={10.1039/c5sm01853f},
	journal={Soft Matter},
	volume={9},
	number={29},
	pages={7158--7166},
	year={2013},
	publisher={Royal Society of Chemistry}
}


@article{kacsgoz2003modified,
	title={Modified polyacrylamide hydrogels and their application in removal of heavy metal ions},
	author={Ka{\c{s}}g{\"o}z, Hasine and {\"O}zg{\"u}m{\"u}{\c{s}}, Saadet and Orbay, Murat},
	doi={10.1016/S0032-3861(03)00033-8},
	journal={Polymer},
	volume={44},
	number={6},
	pages={1785--1793},
	year={2003},
	publisher={Elsevier}
}

@article{johnson2012detecting,
	title={Detecting solution pH changes using poly (N-isopropylacrylamide)-co-acrylic acid microgel-based etalon modified quartz crystal microbalances},
	author={Johnson, Kai CC and Mendez, Francisco and Serpe, Michael J},
	doi={10.1016/j.aca.2012.06.025},
	journal={Analytica chimica acta},
	volume={739},
	pages={83--88},
	year={2012},
	publisher={Elsevier}
}

@article{zhang2006synthesis,
	title={Synthesis and volume phase transitions of glucose-sensitive microgels},
	author={Zhang, Yongjun and Guan, Ying and Zhou, Shuiqin},
	doi={10.1021/bm060557s},
	journal={Biomacromolecules},
	volume={7},
	number={11},
	pages={3196--3201},
	year={2006},
	publisher={ACS Publications}
}

@article{uhrich1999polymeric,
	title={Polymeric systems for controlled drug release},
	author={Uhrich, Kathryn E and Cannizzaro, Scott M and Langer, Robert S and Shakesheff, Kevin M},
	doi={10.1021/cr940351u},
	journal={Chemical reviews},
	volume={99},
	number={11},
	pages={3181--3198},
	year={1999},
	publisher={ACS Publications}
}

@article{bysell2011microgels,
	title={Microgels and microcapsules in peptide and protein drug delivery},
	author={Bysell, Helena and M{\aa}nsson, Ronja and Hansson, Per and Malmsten, Martin},
	doi={10.1016/j.addr.2011.08.005},
	journal={Advanced drug delivery reviews},
	volume={63},
	number={13},
	pages={1172--1185},
	year={2011},
	publisher={Elsevier}
}

@article{smeets2013designing,
	title={Designing responsive microgels for drug delivery applications},
	author={Smeets, Niels MB and Hoare, Todd},
	doi={10.1002/pola.26707},
	journal={Journal of Polymer Science Part A: Polymer Chemistry},
	volume={51},
	number={14},
	pages={3027--3043},
	year={2013},
	publisher={Wiley Online Library}
}

@article{longo2019protonation,
	title={How protonation modulates the interaction between proteins and pH-responsive hydrogel films},
	author={Longo, Gabriel S and P{\'e}rez-Ch{\'a}vez, N{\'e}stor A and Szleifer, Igal},
	doi={10.1016/j.cocis.2018.11.009},
	journal={Current opinion in colloid \& interface science},
	volume={41},
	pages={27--39},
	year={2019},
	publisher={Elsevier}
}

@article{kojima2012reentrant,
	title={Reentrant volume phase transition of cross-linked poly (N-isopropylacrylamide) gels in mixed solvents of water/methanol},
	author={Kojima, Hiroyuki and Tanaka, Fumihiko},
	doi={10.1039/c2sm06883d},
	journal={Soft Matter},
	volume={8},
	number={10},
	pages={3010--3020},
	year={2012},
	publisher={Royal Society of Chemistry}
}

@article{sbeih2019structural,
	title={Structural parameters of soft PNIPAM microgel particles as a function of crosslink density},
	author={Sbeih, Suhad and Mohanty, Priti S and Morrow, Michael R and Yethiraj, Anand},
	doi={10.1016/j.jcis.2019.05.047},
	journal={Journal of colloid and interface science},
	volume={552},
	pages={781--793},
	year={2019},
	publisher={Elsevier}
}

@article{polotsky2013collapse,
	title={Collapse-to-swelling transitions in pH-and thermoresponsive microgels in aqueous dispersions: The thermodynamic theory},
	author={Polotsky, Alexey A and Plamper, Felix A and Borisov, Oleg V},
	doi={10.1021/ma401402e},
	journal={Macromolecules},
	volume={46},
	number={21},
	pages={8702--8709},
	year={2013},
	publisher={ACS Publications}
}

@article{khan2013preparation,
	title={Preparation and characterization of novel temperature and pH sensitive (NIPAM-co-MAA) polymer microgels and their volume phase change with various salts},
	author={Khan, Mohammad Saleem and Khan, Gul Tiaz and Khan, Abbas and Sultana, Sabiha},
	doi={10.7317/pk.2013.37.6.794},
	journal={Polymer Korea},
	volume={37},
	number={6},
	pages={794--801},
	year={2013},
	publisher={The Polymer Society of Korea}
}

@article{lyon2012polymer,
	title={The polymer/colloid duality of microgel suspensions},
	author={Lyon, L Andrew and Fernandez-Nieves, Alberto},
	doi={10.1146/annurev-physchem-032511-143735},
	journal={Annual review of physical chemistry},
	volume={63},
	pages={25--43},
	year={2012},
	publisher={Annual Reviews}
}

@article{winnik1990methanol,
	title={Methanol-water as a co-nonsolvent system for poly (N-isopropylacrylamide)},
	author={Winnik, Francoise M and Ringsdorf, H and Venzmer, J},
	doi={10.1021/ma00210a048},
	journal={Macromolecules},
	volume={23},
	number={8},
	pages={2415--2416},
	year={1990},
	publisher={ACS Publications}
}

@article{costa2002phase,
	title={Phase behavior of poly (N-isopropylacrylamide) in binary aqueous solutions},
	author={Costa, Ricardo OR and Freitas, Roberto FS},
	doi={10.1016/S0032-3861(02)00507-4},
	journal={Polymer},
	volume={43},
	number={22},
	pages={5879--5885},
	year={2002},
	publisher={Elsevier}
}

@article{conley2016,
	title={Superresolution microscopy of the volume phase transition of pNIPAM microgels},
	author={Conley, Gaurasundar M and N{\"o}jd, Sofi and Braibanti, Marco and Schurtenberger, Peter and Scheffold, Frank},
	doi={10.1016/j.colsurfa.2016.03.010},
	journal={Colloids and Surfaces A: Physicochemical and Engineering Aspects},
	volume={499},
	pages={18--23},
	year={2016},
	publisher={Elsevier}
}

@article{wu1997volume,
	title={Volume phase transition of swollen gels: discontinuous or continuous?},
	author={Wu, Chi and Zhou, Shuiqin},
	doi={10.1021/ma960499a},
	journal={Macromolecules},
	volume={30},
	number={3},
	pages={574--576},
	year={1997},
	publisher={ACS Publications}
}

@article{li1989study,
	title={Study of the universality class of the gel network system},
	author={Li, Yong and Tanaka, Toyoichi},
	doi={10.1063/1.456559},
	journal={The Journal of chemical physics},
	volume={90},
	number={9},
	pages={5161--5166},
	year={1989},
	publisher={American Institute of Physics}
}




@article{Lyatskaya1995,
	annote = {doi: 10.1021/ma00114a009},
	author = {Lyatskaya, Yu. V and Leermakers, F A M and Fleer, G J and Zhulina, E B and Birshtein, T M},
	doi = {10.1021/ma00114a009},
	issn = {0024-9297},
	journal = {Macromolecules},
	number = {10},
	pages = {3562--3569},
	publisher = {American Chemical Society},
	title = {{Analytical Self-Consistent-Field Model of Weak Polyacid Brushes}},
	url = {https://doi.org/10.1021/ma00114a009},
	volume = {28},
	year = {1995}
}

@article{Israels1994,
	annote = {doi: 10.1021/ma00089a028},
	author = {Israels, R and Leermakers, F A M and Fleer, G J},
	doi = {10.1021/ma00089a028},
	issn = {0024-9297},
	journal = {Macromolecules},
	month = {may},
	number = {11},
	pages = {3087--3093},
	publisher = {American Chemical Society},
	title = {{On the Theory of Grafted Weak Polyacids}},
	url = {https://doi.org/10.1021/ma00089a028},
	volume = {27},
	year = {1994}
}

@article{Gong2007,
	annote = {doi: 10.1021/ma071018y},
	author = {Gong, Peng and Wu, Tao and Genzer, Jan and Szleifer, Igal},
	doi = {10.1021/ma071018y},
	issn = {0024-9297},
	journal = {Macromolecules},
	month = {nov},
	number = {24},
	pages = {8765--8773},
	publisher = {American Chemical Society},
	title = {{Behavior of Surface-Anchored Poly(acrylic acid) Brushes with Grafting Density Gradients on Solid Substrates: 2. Theory}},
	url = {https://doi.org/10.1021/ma071018y},
	volume = {40},
	year = {2007}
}

@article{Wu2007,
	annote = {doi: 10.1021/ma0710176},
	author = {Wu, Tao and Gong, Peng and Szleifer, Igal and Vl{\v{c}}ek, Petr and {\v{S}}ubr, Vladim{\'{i}}r and Genzer, Jan},
	doi = {10.1021/ma0710176},
	issn = {0024-9297},
	journal = {Macromolecules},
	month = {nov},
	number = {24},
	pages = {8756--8764},
	publisher = {American Chemical Society},
	title = {{Behavior of Surface-Anchored Poly(acrylic acid) Brushes with Grafting Density Gradients on Solid Substrates: 1. Experiment}},
	url = {https://doi.org/10.1021/ma0710176},
	volume = {40},
	year = {2007}
}


@article{KleinWolterink2002,
	annote = {doi: 10.1021/ma020781j},
	author = {{Klein Wolterink}, J and van Male, J and {Cohen Stuart}, M A and Koopal, L K and Zhulina, E B and Borisov, O V},
	doi = {10.1021/ma020781j},
	issn = {0024-9297},
	journal = {Macromolecules},
	month = {nov},
	number = {24},
	pages = {9176--9190},
	publisher = {American Chemical Society},
	title = {{Annealed Star-Branched Polyelectrolytes in Solution}},
	url = {https://doi.org/10.1021/ma020781j},
	volume = {35},
	year = {2002}
}

@article{Zhulina1995,
	annote = {doi: 10.1021/ma00109a021},
	author = {Zhulina, E B and Birshtein, T M and Borisov, O V},
	doi = {10.1021/ma00109a021},
	issn = {0024-9297},
	journal = {Macromolecules},
	month = {feb},
	number = {5},
	pages = {1491--1499},
	publisher = {American Chemical Society},
	title = {{Theory of Ionizable Polymer Brushes}},
	url = {https://doi.org/10.1021/ma00109a021},
	volume = {28},
	year = {1995}
}


@article{Longo2014JCP,
	annote = {doi: 10.1063/1.4896562},
	author = {Longo, Gabriel S and {Olvera de la Cruz}, Monica and Szleifer, I},
	doi = {10.1063/1.4896562},
	issn = {0021-9606},
	journal = {J. Chem. Phys.},
	month = {sep},
	number = {12},
	pages = {124909},
	publisher = {American Institute of Physics},
	title = {{Non-monotonic swelling of surface grafted hydrogels induced by pH and/or salt concentration}},
	url = {https://doi.org/10.1063/1.4896562},
	volume = {141},
	year = {2014}
}

@article{echeverria2009ucst,
	title={UCST responsive microgels of poly (acrylamide- acrylic acid) copolymers: Structure and viscoelastic properties},
	author={Echeverria, Coro and Lopez, Daniel and Mijangos, Carmen},
	doi={10.1021/ma901316k},
	journal={Macromolecules},
	volume={42},
	number={22},
	pages={9118--9123},
	year={2009},
	publisher={ACS Publications}
}

@article{jha2012understanding,
	title={Understanding swollen--collapsed and re-entrant transitions in polyelectrolyte nanogels by a modified Donnan theory},
	author={Jha, Prateek K and Zwanikken, Jos W and de la Cruz, Monica Olvera},
	doi={10.1039/C2SM26341F},
	journal={Soft Matter},
	volume={8},
	number={37},
	pages={9519--9522},
	year={2012},
	publisher={Royal Society of Chemistry}
}

@article{katayama1984reentrant,
	title={Reentrant phase transition in acrylamide-derivative copolymer gels},
	author={Katayama, Seiji and Hirokawa, Yoshitsugu and Tanaka, Toyoichi},
	doi={10.1021/ma00142a032},
	journal={Macromolecules},
	volume={17},
	number={12},
	pages={2641--2643},
	year={1984},
	publisher={ACS Publications}
}


@article{inomata1992effect,
	title={Effect of additives on phase transition of N-isopropylacrylamide gels},
	author={Inomata, Hiroshi and Goto, Shuichi and Otake, Katsuto and Saito, Shozaburo},
	doi={10.1021/la00038a064},
	journal={Langmuir},
	volume={8},
	number={2},
	pages={687--690},
	year={1992},
	publisher={ACS Publications}
}

@article{saunders1997poly,
	title={Poly [(methyl methacrylate)-co-(methacrylic acid)] microgel particles: swelling control using pH, cononsolvency, and osmotic deswelling},
	author={Saunders, Brian R and Crowther, Helen M and Vincent, Brian},
	doi={10.1021/ma961277f},
	journal={Macromolecules},
	volume={30},
	number={3},
	pages={482--487},
	year={1997},
	publisher={ACS Publications}
}

@article{plamper2017functional,
	title={Functional microgels and microgel systems},
	author={Plamper, Felix A and Richtering, Walter},
	doi={10.1021/acs.accounts.6b00544},
	journal={Accounts of chemical research},
	volume={50},
	number={2},
	pages={131--140},
	year={2017},
	publisher={ACS Publications}
}

@inproceedings{imaz2009new,
	title={New biocompatible microgels},
	author={Imaz, Ainara and Forcada, Jacqueline},
	booktitle={Macromolecular symposia},
	doi={10.1002/masy.200950711},
	volume={281},
	number={1},
	pages={85--88},
	year={2009},
	organization={Wiley Online Library}
}

@article{quesada2011gel,
	title={Gel swelling theories: the classical formalism and recent approaches},
	author={Quesada-P{\'e}rez, Manuel and Maroto-Centeno, Jos{\'e} Alberto and Forcada, Jacqueline and Hidalgo-Alvarez, Roque},
	doi={10.1039/C1SM06031G},
	journal={Soft Matter},
	volume={7},
	number={22},
	pages={10536--10547},
	year={2011},
	publisher={Royal Society of Chemistry}
}

@article{bergman2018new,
	title={A new look at effective interactions between microgel particles},
	author={Bergman, Maxime J and Gnan, Nicoletta and Obiols-Rabasa, Marc and Meijer, Janne-Mieke and Rovigatti, Lorenzo and Zaccarelli, Emanuela and Schurtenberger, Peter},
	doi={10.1038/s41467-018-07332-5},
	journal={Nature communications},
	volume={9},
	number={1},
	pages={1--11},
	year={2018},
	publisher={Nature Publishing Group}
}


@misc{kuckling2018stimuli,
	title={Stimuli-responsive gels},
	author={Kuckling, Dirk},
	doi={10.3390/gels4030060},
	year={2018},
	publisher={Multidisciplinary Digital Publishing Institute}
}

@article{Borisov1998,
	author = {Borisov, O V and Zhulina, E B},
	doi = {10.1007/s100510050371},
	issn = {1434-6036},
	journal = {Eur. Phys. J. B - Condens. Matter Complex Syst.},
	number = {2},
	pages = {205--217},
	title = {{Effects of ionic strength and charge annealing in star-branched polyelectrolytes}},
	url = {https://doi.org/10.1007/s100510050371},
	volume = {4},
	year = {1998}
}


@article{Panis2012,
	author = {Panis, C. and Herrera, A. C.S.A. and Victorino, V. J. and Campos, F. C. and Freitas, L. F. and {De Rossi}, T. and {Colado Sim{\~{a}}o}, A. N. and Cecchini, A. L. and Cecchini, R.},
	doi = {10.1007/s10549-011-1693-x},
	issn = {01676806},
	journal = {Breast Cancer Res. Treat.},
	keywords = {Anemia,Breast cancer,Chemotherapy,Oxidative stress},
	number = {1},
	pages = {89--97},
	title = {{Oxidative stress and hematological profiles of advanced breast cancer patients subjected to paclitaxel or doxorubicin chemotherapy}},
	volume = {133},
	year = {2012}
}

@article{Serpe2005,
	author = {Serpe, Michael J. and Yarmey, Kristen A. and Nolan, Christine M. and Lyon, L. Andrew},
	doi = {10.1021/bm049455x},
	issn = {15257797},
	journal = {Biomacromolecules},
	number = {1},
	pages = {408--413},
	title = {{Doxorubicin uptake and release from microgel thin films}},
	volume = {6},
	year = {2005}
}

@article{Li2019,
	author = {Li, Shuting and Hu, Liefeng and Li, Dapeng and Wang, Xin and Zhang, Panpan and Wang, Jun and Yan, Guoqing and Tang, Rupei},
	doi = {10.1016/j.ijbiomac.2019.02.072},
	issn = {18790003},
	journal = {Int. J. Biol. Macromol.},
	keywords = {Drug delivery,Nanogels,Ortho ester},
	pages = {477--487},
	publisher = {Elsevier B.V.},
	title = {{Carboxymethyl chitosan-based nanogels via acid-labile ortho ester linkages mediated enhanced drug delivery}},
	url = {https://doi.org/10.1016/j.ijbiomac.2019.02.072},
	volume = {129},
	year = {2019}
}

@article{Carvalho2009,
	author = {Carvalho, Cristina and Santos, Renato X and Cardoso, Susana and Correia, Sonia and Oliveira, Paulo J and Moreira, Maria S Santos and Paula I},
	doi = {http://dx.doi.org/10.2174/092986709788803312},
	isbn = {0929-8673/1875-533X},
	journal = {Curr. Med. Chem.},
	keywords = {Brain,doxorubicin,heart,kidney,liver,side effects,therapeutic effects},
	number = {25},
	pages = {3267--3285},
	title = {{Doxorubicin: The good, the bad and the ugly effect}},
	url = {http://www.eurekaselect.com/node/69601/article},
	volume = {16},
	year = {2009}
}


@article{Morris1997,
	author = {Morris, Gayle E. and Vincent, Brian and Snowden, Martin J.},
	doi = {10.1006/jcis.1997.4843},
	issn = {00219797},
	journal = {J. Colloid Interface Sci.},
	keywords = {Acrylic acid,Microgels metal ion adsorption,N-isopropylacrylamide},
	number = {1},
	pages = {198--205},
	title = {{Adsorption of lead ions onto n-isopropylacrylamide and acrylic acid copolymer microgels}},
	volume = {190},
	year = {1997}
}

@article{Jones2000,
	author = {Jones, Clinton D. and Lyon, L. Andrew},
	doi = {10.1016/j.micromeso.2006.03.006},
	issn = {13871811},
	journal = {Macromolecules},
	keywords = {Aluminophosphates,Hydrothermal synthesis,Open-framework,Structure},
	number = {22},
	pages = {8301--8306},
	title = {{Synthesis and Characterization of Multiresponsive Core-Shell Microgels}},
	volume = {33},
	year = {2000}
}

@article{PerezChavez2020,
	author = {{P{\'{e}}rez Ch{\'{a}}vez}, N{\'{e}}stor Ariel and {Nosthas Aguiar}, Victor and Allegretto, Juan A. and Albesa, Alberto G. and Giussi, Juan M. and Longo, Gabriel S.},
	doi = {10.1039/D0SM00951B},
	issn = {1744-6848},
	journal = {Soft Matter},
	number = {32},
	pages = {7492--7502},
	publisher = {Royal Society of Chemistry},
	title = {{Triggering Doxorubicin Release from Responsive Hydrogel Films by Polyamine Uptake}},
	url = {http://dx.doi.org/10.1039/D0SM00951B},
	volume = {16},
	year = {2020}
}

@article{aubel1984daunorubicin,
	title={Daunorubicin and doxorubicin, anthracycline antibiotics, a physicochemical and biological review},
	author={Aubel-Sadron, Genevi{\`e}ve and Londos-Gagliardi, Danielle},
	doi={10.1016/0300-9084(84)90018-X},
	journal={Biochimie},
	volume={66},
	number={5},
	pages={333--352},
	year={1984},
	publisher={Elsevier}
}

@article{come1999dual,
	title={Dual mechanism of daunorubicin-induced cell death in both sensitive and MDR-resistant HL-60 cells},
	author={Come, MG and Skladanowski, A and Larsen, AK and Laurent, G},
	doi={10.1038/sj.bjc.6690174},
	journal={British journal of cancer},
	volume={79},
	number={7},
	pages={1090--1097},
	year={1999},
	publisher={Nature Publishing Group}
}


@article{ThanHtun2009,
	title = "Photophysical study on daunorubicin by fluorescence spectroscopy",
	journal = "Journal of Luminescence",
	volume = "129",
	number = "4",
	pages = "344 - 348",
	year = "2009",
	issn = "0022-2313",
	doi = "https://doi.org/10.1016/j.jlumin.2008.10.020",
	url = "http://www.sciencedirect.com/science/article/pii/S0022231308003013",
	author = "M. {Than Htun}"}



@article{Bradley2005,
	author = {Bradley, Melanie and Ramos, Jose and Vincent, Brian},
	doi = {10.1021/la047966z},
	issn = {07437463},
	journal = {Langmuir},
	number = {4},
	pages = {1209--1215},
	title = {{Equilibrium and kinetic aspects of the uptake of poly(ethylene oxide) by copolymer microgel particles of N-isopropylacrylamide and acrylic acid}},
	volume = {21},
	year = {2005}
}


@article{Begum2016,
	author = {Begum, Robina and Farooqi, Zahoor H. and Khan, Shanza Rauf},
	doi = {10.1080/00914037.2016.1180607},
	issn = {1563535X},
	journal = {Int. J. Polym. Mater. Polym. Biomater.},
	keywords = {Applications,P(NIPAM-AA) microgels,microgels,responsive behavior},
	number = {16},
	pages = {841--852},
	title = {{Poly(N-isopropylacrylamide-acrylic acid) copolymer microgels for various applications: A review}},
	volume = {65},
	year = {2016}
}


@article{FernandezNieves2000,
	author = {Fern{\'{a}}ndez-Nieves, A. and Fern{\'{a}}ndez-Barbero, A. and Vincent, B. and {De Las Nieves}, F. J.},
	doi = {10.1021/ma991520l},
	issn = {00249297},
	journal = {Macromolecules},
	number = {6},
	pages = {2114--2118},
	title = {{Charge controlled swelling of microgel particles}},
	volume = {33},
	year = {2000}
}


@article{Makino2000,
	author = {Makino, Kimiko and Agata, Hideki and Ohshima, Hiroyuki},
	doi = {10.1006/jcis.2000.7084},
	issn = {00219797},
	journal = {J. Colloid Interface Sci.},
	keywords = {Membrane emulsification,Monodisperse,Poly(N-isopropylacrylamide-co-acrylic acid) hydrog,Polymerization,Small system},
	number = {1},
	pages = {128--134},
	title = {{Dependence of temperature-sensitivity of poly(N-isopropylacrylamide-co-acrylic acid) hydrogel microspheres upon their sizes}},
	volume = {230},
	year = {2000}
}


@article{Hamzavi2016,
	author = {Hamzavi, N. and Drozdov, A. D. and Gu, Y. and Birgersson, E.},
	doi = {10.1142/S1758825116500393},
	issn = {1758826X},
	journal = {Int. J. Appl. Mech.},
	keywords = {Dual stimuli-responsiveness,core/shell hydrogels,equilibrium swelling,thermodynamic modeling},
	number = {3},
	pages = {1--25},
	title = {{Modeling Equilibrium Swelling of a Dual pH- and Temperature-Responsive Core/Shell Hydrogel}},
	volume = {8},
	year = {2016}
}


@article{Tanaka1978,
	author = {Tanaka, Toyoichi},
	file = {:Users/gaby/Research/library/Mendeley/pdf{\_}files/Tanaka1978PRL.pdf:pdf},
	journal = {Phys. Rev. Lett.},
	number = {12},
	pages = {820--823},
	title = {{Collapse of Gels and the Critical Endpoint}},
	volume = {40},
	year = {1978}
}


@article{Kratz2001,
	author = {Kratz, Karl and Hellweg, Thomas and Eimer, Wolfgang},
	doi = {10.1016/S0032-3861(01)00099-4},
	issn = {00323861},
	journal = {Polymer},
	keywords = {Colloidal microgel,Poly(N-isopropylacrylamide),Volume phase transition},
	number = {15},
	pages = {6631--6639},
	title = {{Structural changes in PNIPAM microgel particles as seen by SANS, DLS, and EM techniques}},
	volume = {42},
	year = {2001}
}


@article{Pelton1986,
	annote = {First NIPAm microgels},
	author = {Pelton, R. H. and Chibante, P.},
	doi = {10.1016/0166-6622(86)80274-8},
	file = {:Users/gaby/Research/library/Mendeley/pdf{\_}files/Pelton1986CS.pdf:pdf},
	issn = {01666622},
	journal = {Colloids and Surfaces},
	number = {3},
	pages = {247--256},
	title = {{Preparation of aqueous latices with N-isopropylacrylamide}},
	volume = {20},
	year = {1986}
}

@article{Christensen2005,
	title={Study of the compositional heterogeneity in poly (N-isopropylacrylamide--acrylic acid) microgels by potentiometric titration experiments},
	author={Christensen, Morten Lykkegaard and Keiding, Kristian},
	doi={10.1016/j.colsurfa.2004.10.063},
	journal={Colloids and Surfaces A: Physicochemical and Engineering Aspects},
	volume={252},
	number={1},
	pages={61--69},
	year={2005},
	publisher={Elsevier}
}

@article{Farooqi2017,
	title={Stability of poly (N-isopropylacrylamide-co-acrylic acid) polymer microgels under various conditions of temperature, pH and salt concentration},
	author={Farooqi, Zahoor H and Khan, Hafeez Ullah and Shah, Syed Mujtaba and Siddiq, Mohammad},
	doi={10.1016/j.arabjc.2013.07.031},
	journal={Arabian Journal of Chemistry},
	volume={10},
	number={3},
	pages={329--335},
	year={2017},
	publisher={Elsevier}
}

@article{Imaz2011synthesis,
	title={Synthesis strategies to incorporate acrylic acid into N-vinylcaprolactam-based microgels},
	author={Imaz, Ainara and Forcada, Jacqueline},
	doi={10.1002/pola.24758},
	journal={Journal of Polymer Science Part A: Polymer Chemistry},
	volume={49},
	number={14},
	pages={3218--3227},
	year={2011},
	publisher={Wiley Online Library}
}

@article{Lee2008,
	title={Thermosensitive and control release behavior of poly (N-isopropylacrylamide-co-acrylic acid) latex particles},
	author={Lee, Chia-Fen and Lin, Chia-Cheng and Chiu, Wen-Yen},
	doi={10.1002/pola.22887},
	journal={Journal of Polymer Science Part A: Polymer Chemistry},
	volume={46},
	number={17},
	pages={5734--5741},
	year={2008},
	publisher={Wiley Online Library}
}

@article{Chen2014,
	title={Thermo-responsive properties of poly (N-isopropylacrylamide-co-acrylic acid) hydrogel and its effect on copper ion removal and fouling of polymer-enhanced ultrafiltration},
	author={Chen, JJ and Ahmad, AL and Ooi, BS},
	doi={10.1016/j.memsci.2014.05.062},
	journal={Journal of Membrane Science},
	volume={469},
	pages={73--79},
	year={2014},
	publisher={Elsevier}
}


@article{Dowding2000,
	author = {Dowding, Peter John and Vincent, Brian and Williams, Elizabeth},
	doi = {10.1006/jcis.1999.6593},
	issn = {00219797},
	journal = {J. Colloid Interface Sci.},
	keywords = {Microgel,Poly-N-isopropylacrylamide,Suspension polymerization},
	number = {2},
	pages = {268--272},
	title = {{Preparation and swelling properties of poly(NIPAM) 'minigel' particles prepared by inverse suspension polymerization}},
	volume = {221},
	year = {2000}
}


@article{Hirose1987,
	author = {Hirose, Yoshiharu and Amiya, Takayuki and Hirokawa, Yoshitsugu and Tanaka, Toyoichi},
	doi = {10.1021/ma00172a029},
	issn = {15205835},
	journal = {Macromolecules},
	number = {6},
	pages = {1342--1344},
	title = {{Phase Transition of Submicron Gel Beads}},
	volume = {20},
	year = {1987}
}


@article{Safronov2015,
	author = {Safronov, A. P. and Adamova, L. V. and Blokhina, A. S. and Kamalov, I. A. and Shabadrov, P. A.},
	doi = {10.1134/S0965545X15010095},
	issn = {15556107},
	journal = {Polym. Sci. - Ser. A},
	number = {1},
	pages = {33--42},
	title = {{Flory-Huggins parameters for weakly crosslinked hydrogels of poly(acrylic acid) and poly(methacrylic acid) with various degrees of ionization}},
	volume = {57},
	year = {2015}
}


@article{Brazel1995,
	author = {Brazel, Christopher S. and Peppas, Nikolaos A.},
	doi = {10.1021/ma00128a007},
	issn = {15205835},
	journal = {Macromolecules},
	number = {24},
	pages = {8016--8020},
	title = {{Synthesis and Characterization of Thermo- and Chemomechanically Responsive Poly(N-isopropylacrylamide-co-methacrylic acid) Hydrogels}},
	volume = {28},
	year = {1995}
}

@article{Hoare2004,
	author = {Hoare, Todd and Pelton, Robert},
	doi = {10.1021/ma035658m},
	issn = {00249297},
	journal = {Macromolecules},
	number = {7},
	pages = {2544--2550},
	title = {{Highly pH and Temperature Responsive Microgels Functionalized with Vinylacetic Acid}},
	volume = {37},
	year = {2004}
}

@article{MartinezMoro2020,
	author = {Martinez-Moro, Marta and Jenczyk, Jacek and Giussi, Juan M. and Jurga, Stefan and Moya, Sergio E.},
	doi = {10.1016/j.jcis.2020.07.049},
	issn = {10957103},
	journal = {J. Colloid Interface Sci.},
	keywords = {Deswelling kinetics,Hydrogel collapse,NIPAM-MAA microgels,Polyamines,Time-lapse NMR},
	pages = {439--448},
	pmid = {32711195},
	publisher = {The Authors},
	title = {{Kinetics of the thermal response of poly(N-isopropylacrylamide co methacrylic acid) hydrogel microparticles under different environmental stimuli: A time-lapse NMR study}},
	url = {https://doi.org/10.1016/j.jcis.2020.07.049},
	volume = {580},
	year = {2020}
}


@article{Zhou1998,
	author = {Zhou, Shuiqin and Chu, Benjamin},
	doi = {10.1021/jp972990p},
	issn = {15206106},
	journal = {J. Phys. Chem. B},
	number = {8},
	pages = {1364--1371},
	title = {{Synthesis and volume phase transition of poly(methacrylic acid-co-N-isopropylacrylamide) microgel particles in water}},
	volume = {102},
	year = {1998}
}

@article{Kratz2000,
	author = {Kratz, Karl and Hellweg, Thomas and Eimer, Wolfgang},
	doi = {10.1016/S0927-7757(00)00490-8},
	issn = {09277757},
	journal = {Colloids Surfaces A Physicochem. Eng. Asp.},
	keywords = {Colloidal microgel,Dynamic light scattering,Poly(N-isopropylacrylamide-co-acrylic acid),SEM,Volume phase transition},
	number = {2-3},
	pages = {137--149},
	title = {{Influence of charge density on the swelling of colloidal poly(N-isopropylacrylamide-co-acrylic acid) microgels}},
	volume = {170},
	year = {2000}
}


@article{Kawaguchi2020,
	author = {Kawaguchi, Haruma},
	doi = {10.3390/gels6030026},
	issn = {23102861},
	journal = {Gels},
	keywords = {Co-non-solvency,Electrophoretic mobility,Hard-core soft-shell microsphere,Hydrophobic hydration,Microgel,Poly(N-isopropylacrylamide),Precipitation polymerization,VPT temperature,Volume phase transition (VPT)},
	number = {3},
	pages = {1--24},
	title = {{On going to a new era of microgel exhibiting volume phase transition}},
	volume = {6},
	year = {2020}
}

@article{Macchione2019,
	author = {Macchione, Micaela Alejandra and Sacarelli, Mar{\'{i}}a Florencia and Racca, Ana and Biglione, Catalina and Panzetta-Dutari, Graciela and Strumia, Miriam C},
	doi = {10.1039/C9SM01180C},
	issn = {1744-683X},
	journal = {Soft Matter},
	number = {47},
	pages = {9700--9709},
	publisher = {The Royal Society of Chemistry},
	title = {{Dual-responsive nanogels based on oligo (ethylene glycol) methacrylates and acidic co-monomers}},
	url = {http://dx.doi.org/10.1039/C9SM01180C},
	volume = {15},
	year = {2019}
}



@article{Pergushov2020,
	author = {Pergushov, Dmitry V and Sigolaeva, Larisa V and Balabushevich, Nadezhda G and Sharifullin, Timur Z and Noyong, Michael and Richtering, Walter},
	doi = {https://doi.org/10.1016/j.polymer.2020.123227},
	issn = {0032-3861},
	journal = {Polymer},
	keywords = {Adsorption,Doxorubicin,Microgel,Poly(N-isopropylacrylamide--methacrylic acid),Quartz crystal microbalance with dissipation monit,Stimuli-responsiveness,Surface modification,Uptake and release},
	pages = {123227},
	title = {{Loading of doxorubicin into surface-attached stimuli-responsive microgels and its subsequent release under different conditions}},
	url = {http://www.sciencedirect.com/science/article/pii/S0032386120310521},
	year = {2020}
}


@article{Daly2020,
	author = {Daly, Andrew C. and Riley, Lindsay and Segura, Tatiana and Burdick, Jason A.},
	doi = {10.1038/s41578-019-0148-6},
	issn = {20588437},
	journal = {Nat. Rev. Mater.},
	number = {1},
	pages = {20--43},
	publisher = {Springer US},
	title = {{Hydrogel microparticles for biomedical applications}},
	url = {http://dx.doi.org/10.1038/s41578-019-0148-6},
	volume = {5},
	year = {2020}
}


@article{Lopez2020,
	author = {Lopez, Carlos G. and Lohmeier, Thomas and Wong, John E. and Richtering, Walter},
	doi = {10.1016/j.jcis.2019.07.042},
	issn = {10957103},
	journal = {J. Colloid Interface Sci.},
	keywords = {Dynamic light scattering,Microgel,PNIPAM,Polyelectrolyte,Polymer networks,Scaling,Thermoresponsive,microgel,microgel theory},
	pages = {200--210},
	publisher = {Elsevier Inc.},
	title = {{Electrostatic expansion of polyelectrolyte microgels: Effect of solvent quality and added salt}},
	url = {https://doi.org/10.1016/j.jcis.2019.07.042},
	volume = {558},
	year = {2020}
}


@article{Lutz2006,
	author = {Lutz, Jean-François and Akdemir, Özgür and Hoth, Ann},
	title = {Point by Point Comparison of Two Thermosensitive Polymers Exhibiting a Similar LCST:  Is the Age of Poly(NIPAM) Over?},
	journal = {Journal of the American Chemical Society},
	volume = {128},
	number = {40},
	pages = {13046-13047},
	year = {2006},
	doi = {10.1021/ja065324n},
	note ={PMID: 17017772},
	URL = {https://doi.org/10.1021/ja065324n},
	eprint = {https://doi.org/10.1021/ja065324n}
}


@Article{Allegretto2020,
	author ="Allegretto, Juan A. and Giussi, Juan M. and Moya, Sergio E. and Azzaroni, Omar and Rafti, Matias",
	title  ="Synthesis and characterization of thermoresponsive ZIF-8@PNIPAm-co-MAA microgel composites with enhanced performance as an adsorption/release platform",
	journal  ="RSC Adv.",
	year  ="2020",
	volume  ="10",
	issue  ="5",
	pages  ="2453-2461",
	publisher  ="The Royal Society of Chemistry",
	doi  ="10.1039/C9RA09729E",
	url  ="http://dx.doi.org/10.1039/C9RA09729E"}


@article{Liu2017,
	title = "Independent temperature and pH dual-responsive PMAA/PNIPAM microgels as drug delivery system: Effect of swelling behavior of the core and shell materials in fabrication process",
	journal = "Colloids and Surfaces A: Physicochemical and Engineering Aspects",
	volume = "526",
	pages = "48 - 55",
	year = "2017",
	issn = "0927-7757",
	doi = "https://doi.org/10.1016/j.colsurfa.2016.11.007",
	url = "http://www.sciencedirect.com/science/article/pii/S092777571630944X",
	author = "Lei Liu and Jin Zeng and Xubo Zhao and Kun Tian and Peng Liu",
	keywords = "Drug delivery system, Core/shell microgels, Multi-stimuli responsive, Controlled release, Swelling degree"}


@article{Parasuraman2011,
	author = {Parasuraman, Deepika and Serpe, Michael J.},
	title = {Poly (N-Isopropylacrylamide) Microgel-Based Assemblies for Organic Dye Removal from Water},
	journal = {ACS Applied Materials \& Interfaces},
	volume = {3},
	number = {12},
	pages = {4714-4721},
	year = {2011},
	doi = {10.1021/am201132x},
	note ={PMID: 22053867},
	URL = {https://doi.org/10.1021/am201132x},
	eprint = {https://doi.org/10.1021/am201132x}
}


@article{Khan2013synthesis,
	author = {Khan, Shanza Rauf and Farooqi, Zahoor H. and Ajmal, Muhammad and Siddiq, Mohammad and Khan, Abbas},
	doi = {10.1080/01932691.2012.744690},
	issn = {01932691},
	journal = {J. Dispers. Sci. Technol.},
	keywords = {Catalysis,hybrid gels,microgels,pH sensitivity,surface plasmon resonance,temperature sensitivity},
	number = {10},
	pages = {1324--1333},
	title = {{Synthesis, Characterization, and Silver Nanoparticles Fabrication in N-isopropylacrylamide-Based Polymer Microgels for Rapid Degradation of p-Nitrophenol}},
	volume = {34},
	year = {2013}
}


@article{Schmidt2011,
	author = {Schmidt, Sabrina and Liu, Tingting and R{\"{u}}tten, Stephan and Phan, Kim Ho and M{\"{o}}ller, Martin and Richtering, Walter},
	doi = {10.1021/la201823b},
	issn = {07437463},
	journal = {Langmuir},
	number = {16},
	pages = {9801--9806},
	pmid = {21736380},
	title = {{Influence of microgel architecture and oil polarity on stabilization of emulsions by stimuli-sensitive core-shell poly(N -isopropylacrylamide- co -methacrylic acid) microgels: Mickering versus pickering behavior?}},
	volume = {27},
	year = {2011}
}
@article{Brugger2008,
	author = {Brugger, Bastian and Richtering, Walter},
	doi = {10.1021/la800522h},
	issn = {07437463},
	journal = {Langmuir},
	number = {15},
	pages = {7769--7777},
	title = {{Emulsions stabilized by stimuli-sensitive poly(N-isopropylacrylamide)-co- methacrylic acid polymers: Microgels versus low molecular weight polymers}},
	volume = {24},
	year = {2008}
}

@article{Kleinen2008,
	author = {Kleinen, Jochen and Richtering, Walter},
	doi = {10.1021/ma7023683},
	issn = {00249297},
	journal = {Macromolecules},
	keywords = {P(NIPAm-co-MAA) microgels},
	number = {5},
	pages = {1785--1790},
	title = {{Defined complexes of negatively charged multisensitive poly(N- isopropylacrylamide-co-methacrylic acid) microgels and poly(diallydimethylammonium chloride)}},
	volume = {41},
	year = {2008}
}


@article{Kleinen2010,
	author = {Kleinen, Jochen and Klee, Andreas and Richtering, Walter},
	doi = {10.1021/la100579b},
	issn = {07437463},
	journal = {Langmuir},
	number = {13},
	pages = {11258--11265},
	title = {{Influence of architecture on the interaction of negatively charged multisensitive poly(N-isopropylacrylamide)-co-methacrylic acid microgels with oppositely charged polyelectrolyte: Absorption vs adsorption}},
	volume = {26},
	year = {2010}
}


@article{Wong2009,
	author = {Wong, John E. and Ez-Pascual, Ana M.D. and Richtering, Walter},
	doi = {10.1021/ma802072c},
	issn = {00249297},
	journal = {Macromolecules},
	number = {4},
	pages = {1229--1238},
	title = {{Layer-by-layer assembly of polyelectrolyte multilayers on thermoresponsive P(NiPAM-co-MAA) microgel: Effect of ionic strength and molecular weight}},
	volume = {42},
	year = {2009}
}



@article{Pelton2000,
	author = {Pelton, Robert},
	doi = {10.1016/S0001-8686(99)00023-8},
	isbn = {0001-8686},
	issn = {00018686},
	journal = {Adv. Colloid Interface Sci.},
	keywords = {colloids,latexes,polymer,surfactant interactions,swelling,temperature-sensitive microgels,thermal sensitive microgels},
	number = {1},
	pages = {1--33},
	pmid = {10696447},
	title = {{Temperature-sensitive aqueous microgels}},
	volume = {85},
	year = {2000}
}


@article{Ngai2005,
	author = {Ngai, To and Behrens, Sven Holger and Auweter, Helmut},
	doi = {10.1039/b412330a},
	issn = {13597345},
	journal = {Chem. Commun.},
	number = {3},
	pages = {331--333},
	title = {{Novel emulsions stabilized by pH and temperature sensitive microgels}},
	year = {2005}
}


@article{Ngai2006,
	author = {Ngai, To and Auweter, Helmut and Behrens, Sven Holger},
	doi = {10.1021/ma061366k},
	issn = {00249297},
	journal = {Macromolecules},
	number = {23},
	pages = {8171--8177},
	title = {{Environmental responsiveness of microgel particles and particle-stabilized emulsions}},
	volume = {39},
	year = {2006}
}


@article{Hoare2005,
	author = {Hoare, Todd and Pelton, Robert},
	doi = {10.1016/j.polymer.2004.11.055},
	issn = {00323861},
	journal = {Polymer},
	keywords = {Electrophoresis,Functional microgels,Morphology},
	number = {4},
	pages = {1139--1150},
	title = {{Electrophoresis of functionalized microgels: Morphological insights}},
	volume = {46},
	year = {2005}
}


@article{Schild1992,
	author = {Schild, H. G.},
	doi = {10.1016/0079-6700(92)90023-R},
	issn = {00796700},
	journal = {Prog. Polym. Sci.},
	number = {2},
	pages = {163--249},
	title = {{Poly(N-isopropylacrylamide): experiment, theory and application}},
	volume = {17},
	year = {1992}
}


@article{Su2016,
	author = {Su, Wenjuan and Yang, Man and Zhao, Kongshuang and Ngai, To},
	doi = {10.1021/acs.macromol.6b00809},
	file = {:Users/gaby/Research/library/Mendeley/pdf{\_}files/Su2016M.pdf:pdf},
	issn = {15205835},
	journal = {Macromolecules},
	keywords = {P(NIPAM-co-MAA) microgels,microgels},
	mendeley-groups = {Microgels},
	number = {20},
	pages = {7997--8008},
	title = {{Influence of Charged Groups on the Structure of Microgel and Volume Phase Transition by Dielectric Analysis}},
	volume = {49},
	year = {2016}
}


@article{CaprilesGonzalez2008,
	author = {Capriles-Gonz{\'{a}}lez, D. and Sierra-Mart{\'{i}}n, B. and Fern{\'{a}}ndez-Nieves, A. and Fern{\'{a}}ndez-Barbero, A.},
	doi = {10.1021/jp8003773},
	issn = {15206106},
	journal = {J. Phys. Chem. B},
	number = {39},
	pages = {12195--12200},
	title = {{Coupled deswelling of multiresponse microgels}},
	volume = {112},
	year = {2008}
}

@article{Culver2017A,
	author = {Culver, Heidi R. and Sharma, Ishna and Wechsler, Marissa E. and Anslyn, Eric V. and Peppas, Nicholas A.},
	doi = {10.1039/c7an00787f},
	issn = {13645528},
	journal = {Analyst},
	number = {17},
	pages = {3183--3193},
	pmid = {28745734},
	title = {{Charged poly(N-isopropylacrylamide) nanogels for use as differential protein receptors in a turbidimetric sensor array}},
	volume = {142},
	year = {2017}
}


@article{Shi2014,
	author = {Shi, Shan and Wang, Qianman and Wang, Tao and Ren, Shuping and Gao, Yu and Wang, Na},
	doi = {10.1021/jp5027477},
	issn = {15205207},
	journal = {J. Phys. Chem. B},
	number = {25},
	pages = {7177--7186},
	title = {{Thermo-, pH-, and light-responsive poly(N -isopropylacrylamide- co -methacrylic acid)-au hybrid microgels prepared by the in situ reduction method based on au-thiol chemistry}},
	volume = {118},
	year = {2014}
}


@article{Landsgesell2019PRL,
	author = {Landsgesell, Jonas and Sean, David and Kreissl, Patrick and Szuttor, Kai and Holm, Christian},
	doi = {10.1103/PhysRevLett.122.208002},
	issn = {10797114},
	journal = {Phys. Rev. Lett.},
	number = {20},
	pages = {208002},
	publisher = {American Physical Society},
	title = {{Modeling gel swelling equilibrium in the mean field: From explicit to Poisson-Boltzmann models}},
	url = {https://doi.org/10.1103/PhysRevLett.122.208002},
	volume = {122},
	year = {2019}
}

@article{Longo2011,
	author = {Longo, G. S. and {Olvera de la Cruz}, M. and Szleifer, I.},
	doi = {10.1021/ma102312y},
	issn = {00249297},
	journal = {Macromolecules},
	number = {1},
	pages = {147--158},
	title = {{Molecular theory of weak polyelectrolyte gels: The role of pH and salt concentration}},
	url = {http://dx.doi.org/10.1021/ma102312y},
	volume = {44},
	year = {2011}
}

@article{Rud2017,
	author = {Rud, Oleg and Richter, Tobias and Borisov, Oleg and Holm, Christian and Ko{\v{s}}ovan, Peter},
	doi = {10.1039/c6sm02825j},
	isbn = {9780387896694},
	issn = {17446848},
	journal = {Soft Matter},
	number = {18},
	pages = {3264--3274},
	title = {{A self-consistent mean-field model for polyelectrolyte gels}},
	volume = {13},
	year = {2017}
}

@article{QuesadaPerez2011JCP,
	author = {Quesada-P{\'{e}}rez, Manuel and Ibarra-Armenta, Jos{\'{e}} Guadalupe and Martin-Molina, Alberto},
	doi = {10.1063/1.3632051},
	isbn = {0021-9606},
	issn = {00219606},
	journal = {J. Chem. Phys.},
	pages = {094109},
	pmid = {6766464},
	title = {{Computer simulations of thermo-shrinking polyelectrolyte gels}},
	volume = {135},
	year = {2011}
}

@article{QuesadaPerez2012JCP,
	author = {Quesada-P{\'{e}}rez, Manuel and Ramos, Jose and Forcada, Jacqueline and Mart{\'{i}}n-Molina, Alberto},
	journal = {J. Chem. Phys.},
	pages = {244903},
	title = {{Computer simulations of thermo-sensitive microgels : Quantitative comparison with experimental swelling data}},
	volume = {136},
	year = {2012}
}


@article{Kosovan2015,
	annote = {Network simulation parameters!},
	author = {Ko{\v{s}}ovan, Peter and Richter, Tobias and Holm, Christian},
	doi = {10.1021/acs.macromol.5b01428},
	issn = {15205835},
	journal = {Macromolecules},
	number = {20},
	pages = {7698--7708},
	title = {{Modeling of polyelectrolyte gels in equilibrium with salt solutions}},
	volume = {48},
	year = {2015}
}


@article{QuesadaPerez2012M,
	author = {Quesada-P{\'{e}}rez, Manuel and Maroto-Centeno, Jos{\'{e}} Alberto and Mart{\'{i}}n-Molina, Alberto},
	doi = {10.1021/ma3014959},
	isbn = {0024-9297},
	issn = {00249297},
	journal = {Macromolecules},
	number = {21},
	pages = {8872--8879},
	title = {{Effect of the counterion valence on the behavior of thermo-sensitive gels and microgels: A Monte Carlo simulation study}},
	volume = {45},
	year = {2012}
}

@article{Mann2005,
	annote = {This paper contains the force field for network simulations in both good and theta solvents},
	author = {Mann, Bernward A. and Holm, Christian and Kremer, Kurt},
	doi = {10.1063/1.1882275},
	isbn = {0021-9606},
	issn = {00219606},
	journal = {J. Chem. Phys.},
	number = {15},
	pages = {154903},
	pmid = {15945663},
	title = {{Swelling of polyelectrolyte networks}},
	volume = {122},
	year = {2005}
}

@article{Mann2006,
	author = {Mann, Bernward A. and Kremer, Kurt and Holm, Christian},
	doi = {10.1002/masy.200650511},
	issn = {10221360},
	journal = {Macromol. Symp.},
	keywords = {Computer modeling,Hydrogels,Molecular dynamics,Polyelectrolytes,Solution properties},
	pages = {90--107},
	title = {{The swelling behavior of charged hydrogels}},
	volume = {237},
	year = {2006}
}


@article{Edgecombe2004,
	author = {Edgecombe, Samuel and Schneider, Stefanie and Linse, Per},
	doi = {10.1021/ma0486391},
	issn = {00249297},
	journal = {Macromolecules},
	number = {26},
	pages = {10089--10100},
	title = {{Monte Carlo simulations of defect-free cross-linked gels in the presence of salt}},
	volume = {37},
	year = {2004}
}

@article{Schneider2002,
	author = {Schneider, S. and Linse, P.},
	doi = {10.1140/epje/i2002-10043-y},
	issn = {12928941},
	journal = {Eur. Phys. J. E},
	number = {5},
	pages = {457--460},
	title = {{Swelling of cross-linked polyelectrolyte gels}},
	volume = {8},
	year = {2002}
}


@article{Yan2003,
	author = {Yan, Qiliang and de Pablo, Juan J.},
	doi = {10.1103/PhysRevLett.91.018301},
	issn = {10797114},
	journal = {Phys. Rev. Lett.},
	number = {1},
	pages = {2--5},
	title = {{Monte Carlo Simulation of a Coarse-Grained Model of Polyelectrolyte Networks}},
	volume = {91},
	year = {2003}
}


@article{Yin2008,
	author = {Yin, De Wei and Horkay, Ferenc and Douglas, Jack F. and {De Pablo}, Juan J.},
	doi = {10.1063/1.2991179},
	issn = {00219606},
	journal = {J. Chem. Phys.},
	number = {15},
	pmid = {19045224},
	title = {{Molecular simulation of the swelling of polyelectrolyte gels by monovalent and divalent counterions}},
	volume = {129},
	year = {2008}
}

@article{Yin2005,
	author = {Yin, De Wei and Yan, Qiliang and {De Pablo}, Juan J.},
	doi = {10.1063/1.2102827},
	issn = {00219606},
	journal = {J. Chem. Phys.},
	number = {17},
	title = {{Molecular dynamics simulation of discontinuous volume phase transitions in highly-charged crosslinked polyelectrolyte networks with explicit counterions in good solvent}},
	volume = {123},
	year = {2005}
}

@article{Hofzumahaus2018,
	author = {Hofzumahaus, Cornelius and Hebbeker, Pascal and Schneider, Stefanie},
	doi = {10.1039/C7SM02528A},
	issn = {1744-683X},
	journal = {Soft Matter},
	pages = {4087--4100},
	publisher = {Royal Society of Chemistry},
	title = {{Monte Carlo simulations of weak polyelectrolyte microgels: pH-dependence of conformation and ionization}},
	url = {http://pubs.rsc.org/en/Content/ArticleLanding/2018/SM/C7SM02528A},
	volume = {14},
	year = {2018}
}

@article{Sean2018,
	author = {Sean, David and Landsgesell, Jonas and Holm, Christian},
	doi = {10.3390/gels4010002},
	issn = {2310-2861},
	journal = {Gels},
	keywords = {carlo,computer simulations,electrophoresis,molecular dynamics,nanogels,reaction ensemble monte,weak polyelectrolytes},
	number = {1},
	pages = {2},
	title = {{Computer Simulations of Static and Dynamical Properties of Weak Polyelectrolyte Nanogels in Salty Solutions}},
	volume = {4},
	year = {2018}
}


@article{Lu2019,
	author = {Lu, Dongdong and Zhu, Mingning and Wang, Wenkai and Wu, Shanglin and Saunders, Brian R. and Adlam, Daman J. and Hoyland, Judith A. and Hofzumahaus, Cornelius and Schneider, Stefanie and Landfester, Katharina},
	doi = {10.1039/C8SM01510D},
	issn = {17446848},
	journal = {Soft Matter},
	number = {4},
	pages = {527--536},
	pmid = {30444236},
	publisher = {Royal Society of Chemistry},
	title = {{Do the properties of gels constructed by interlinking triply-responsive microgels follow from those of the building blocks?}},
	volume = {15},
	year = {2019}
}

@article{Rudov2017,
	author = {Rudov, Andrey A. and Gelissen, Arjan P.H. and Lotze, Gudrun and Schmid, Andreas and Eckert, Thomas and Pich, Andrij and Richtering, Walter and Potemkin, Igor I.},
	doi = {10.1021/acs.macromol.7b00553},
	issn = {15205835},
	journal = {Macromolecules},
	number = {11},
	pages = {4435--4445},
	title = {{Intramicrogel Complexation of Oppositely Charged Compartments As a Route to Quasi-Hollow Structures}},
	volume = {50},
	year = {2017}
}



@article{Schroeder2015,
	author = {Schroeder, Ricarda and Rudov, Andrey A. and Lyon, L. Andrew and Richtering, Walter and Pich, Andrij and Potemkin, Igor I.},
	doi = {10.1021/acs.macromol.5b01305},
	issn = {15205835},
	journal = {Macromolecules},
	number = {16},
	pages = {5914--5927},
	title = {{Electrostatic Interactions and Osmotic Pressure of Counterions Control the pH-Dependent Swelling and Collapse of Polyampholyte Microgels with Random Distribution of Ionizable Groups}},
	volume = {48},
	year = {2015}
}

@article{Jha2011,
	author = {Jha, Prateek K. and Zwanikken, Jos W. and Detcheverry, Franois A. and {De Pablo}, Juan J. and {Olvera De La Cruz}, Monica},
	doi = {10.1039/c1sm05264k},
	issn = {1744683X},
	journal = {Soft Matter},
	number = {13},
	pages = {5965--5975},
	title = {{Study of volume phase transitions in polymeric nanogels by theoretically informed coarse-grained simulations}},
	volume = {7},
	year = {2011}
}

@article{PerezMas2020,
	author = {P{\'{e}}rez-Mas, Luis and Mart{\'{i}}n-Molina, Alberto and Quesada-P{\'{e}}rez, Manuel},
	doi = {10.1039/d0sm00173b},
	issn = {17446848},
	journal = {Soft Matter},
	number = {12},
	pages = {3022--3028},
	pmid = {32129421},
	title = {{Coarse-grained Monte Carlo simulations of nanogel-polyelectrolyte complexes: Electrostatic effects}},
	volume = {16},
	year = {2020}
}



@article{QuesadaPerez2013,
	author = {Quesada-P{\'{e}}rez, Manuel and Mart{\'{i}}n-Molina, Alberto},
	doi = {10.1039/c3sm00093a},
	issn = {1744683X},
	journal = {Soft Matter},
	number = {29},
	pages = {7086--7094},
	title = {{Monte Carlo simulation of thermo-responsive charged nanogels in salt-free solutions}},
	volume = {9},
	year = {2013}
}


@article{QuesadaPerez2014,
	author = {Quesada-P{\'{e}}rez, Manuel and Ahualli, Silvia and Mart{\'{i}}n-Molina, Alberto},
	doi = {10.1063/1.4895960},
	issn = {00219606},
	journal = {J. Chem. Phys.},
	number = {12},
	pages = {124903},
	pmid = {25273470},
	title = {{Temperature-sensitive nanogels in the presence of salt: Explicit coarse-grained simulations}},
	volume = {141},
	year = {2014}
}

@article{Claudio2009,
	author = {Claudio, Gil C. and Kremer, Kurt and Holm, Christian},
	doi = {10.1063/1.3207275},
	issn = {00219606},
	journal = {J. Chem. Phys.},
	number = {9},
	title = {{Comparison of a hydrogel model to the Poisson-Boltzmann cell model}},
	volume = {131},
	year = {2009}
}


@article{AdroherBenitez2017PCCP,
	author = {Adroher-Ben{\'{i}}tez, Irene and Mart{\'{i}}n-Molina, Alberto and Ahualli, Silvia and Quesada-P{\'{e}}rez, Manuel and Odriozola, Gerardo and Moncho-Jord{\'{a}}, Arturo},
	doi = {10.1039/c6cp08683g},
	issn = {14639076},
	journal = {Phys. Chem. Chem. Phys.},
	number = {9},
	pages = {6838--6848},
	pmid = {28218325},
	title = {{Competition between excluded-volume and electrostatic interactions for nanogel swelling: Effects of the counterion valence and nanogel charge}},
	volume = {19},
	year = {2017}
}

@article{Rizzi2016,
	author = {Rizzi, L. G. and Levin, Y.},
	doi = {10.1063/1.4943981},
	eprint = {1603.00917},
	issn = {00219606},
	journal = {J. Chem. Phys.},
	number = {11},
	pages = {1--6},
	title = {{Influence of network topology on the swelling of polyelectrolyte nanogels}},
	url = {http://dx.doi.org/10.1063/1.4943981},
	volume = {144},
	year = {2016}
}




@article{Levin2002,
	author = {Levin, Yan and Diehl, Alexandre and Fern{\'{a}}ndez-Nieves, A. and Fern{\'{a}}ndez-Barbero, A.},
	doi = {10.1103/PhysRevE.65.036143},
	issn = {1063651X},
	journal = {Phys. Rev. E - Stat. Physics, Plasmas, Fluids, Relat. Interdiscip. Top.},
	number = {3},
	pages = {1--6},
	title = {{Thermodynamics of ionic microgels}},
	volume = {65},
	year = {2002}
}


@article{Colla2014,
	author = {Colla, Thiago and Likos, Christos N. and Levin, Yan},
	doi = {10.1063/1.4903746},
	eprint = {1406.4302},
	issn = {00219606},
	journal = {J. Chem. Phys.},
	number = {23},
	pages = {234902},
	title = {{Equilibrium properties of charged microgels: A Poisson-Boltzmann-Flory approach}},
	volume = {141},
	year = {2014}
}



@article{Kobayashi2014,
	author = {Kobayashi, Hideki and Winkler, Roland G.},
	doi = {10.3390/polym6051602},
	issn = {20734360},
	journal = {Polymers},
	keywords = {Computer simulation,Microgel,Swelling},
	number = {5},
	pages = {1602--1617},
	title = {{Structure of microgels with debye-h{\"{u}}ckel interactions}},
	volume = {6},
	year = {2014}
}


@article{Kobayashi2016,
	author = {Kobayashi, Hideki and Winkler, Roland G.},
	doi = {10.1038/srep19836},
	issn = {20452322},
	journal = {Sci. Rep.},
	pages = {1--8},
	publisher = {Nature Publishing Group},
	title = {{Universal conformational properties of polymers in ionic nanogels}},
	volume = {6},
	year = {2016}
}


@article{Kobayashi2017,
	author = {Kobayashi, Hideki and Halver, Rene and Sutmann, Godehard and Winkler, Roland G.},
	doi = {10.3390/polym9010015},
	issn = {20734360},
	journal = {Polymers},
	keywords = {Charge distribution,Charge screening,Computer simulation,Microgel,Nanogel,Swelling},
	number = {1},
	pages = {15},
	title = {{Polymer conformations in ionic microgels in the presence of salt: Theoretical and mesoscale simulation results}},
	volume = {9},
	year = {2017}
}



@article{Cai2007,
	author = {Cai, Tong and Marquez, Manuel and Hu, Zhibing},
	title = {Monodisperse Thermoresponsive Microgels of Poly(ethylene glycol) Analogue-Based Biopolymers},
	journal = {Langmuir},
	volume = {23},
	number = {17},
	pages = {8663-8666},
	year = {2007},
	doi = {10.1021/la700923r},
	note ={PMID: 17658862},
	URL = {https://doi.org/10.1021/la700923r},
	eprint = {https://doi.org/10.1021/la700923r}
}


@article{Landsgesell2019SM,
	author = {Landsgesell, Jonas and Nov{\'{a}}, Lucie and Rud, Oleg and Uhl{\'{i}}k, Filip and Sean, David and Hebbeker, Pascal and Holm, Christian and Ko{\v{s}}ovan, Peter},
	doi = {10.1039/c8sm02085j},
	issn = {17446848},
	journal = {Soft Matter},
	number = {6},
	pages = {1155--1185},
	title = {{Simulations of ionization equilibria in weak polyelectrolyte solutions and gels}},
	volume = {15},
	year = {2019}
}

@Article{Guan2011,
	author ="Guan, Ying and Zhang, Yongjun",
	title  ="PNIPAM microgels for biomedical applications: from dispersed particles to 3D assemblies",
	journal  ="Soft Matter",
	year  ="2011",
	volume  ="7",
	issue  ="14",
	pages  ="6375-6384",
	publisher  ="The Royal Society of Chemistry",
	doi  ="10.1039/C0SM01541E",
	url  ="http://dx.doi.org/10.1039/C0SM01541E"
}


@article{snowden1996colloidal,
	title={Colloidal copolymer microgels of N-isopropylacrylamide and acrylic acid: pH, ionic strength and temperature effects},
	author={Snowden, Martin J and Chowdhry, Babur Z and Vincent, Brian and Morris, Gayle E},
	doi={10.1039/C1SM05216K},
	journal={Journal of the Chemical Society, Faraday Transactions},
	volume={92},
	number={24},
	pages={5013--5016},
	year={1996},
	publisher={Royal Society of Chemistry}
}


@article{Gerweck1996,
	author = {Gerweck, Leo E. and Seetharaman, Kala},
	issn = {00085472},
	journal = {Cancer Res.},
	number = {6},
	pages = {1194--1198},
	pmid = {8640796},
	title = {{Cellular pH gradient in tumor versus normal tissue: Potential exploitation for the treatment of cancer}},
	volume = {56},
	year = {1996}
}

@article{Malmsten2010,
	author = {Malmsten, Martin and Bysell, Helena and Hansson, Per},
	doi = {10.1016/j.cocis.2010.05.016},
	isbn = {1359-0294},
	issn = {13590294},
	journal = {Curr. Opin. Colloid Interface Sci.},
	keywords = {Biomacromolecules,Drug delivery,Microcapsule,Microgel,Peptide,Protein},
	number = {6},
	pages = {435--444},
	publisher = {Elsevier Ltd},
	title = {{Biomacromolecules in microgels - Opportunities and challenges for drug delivery}},
	url = {http://dx.doi.org/10.1016/j.cocis.2010.05.016},
	volume = {15},
	year = {2010}
}

@article{Dadsetan2013,
	title = "Controlled release of doxorubicin from pH-responsive microgels",
	journal = "Acta Biomaterialia",
	volume = "9",
	number = "3",
	pages = "5438 - 5446",
	year = "2013",
	issn = "1742-7061",
	doi = "https://doi.org/10.1016/j.actbio.2012.09.019",
	url = "http://www.sciencedirect.com/science/article/pii/S1742706112004564",
	author = "Mahrokh Dadsetan and K. Efua Taylor and Chun Yong and Željko Bajzer and Lichun Lu and Michael J. Yaszemski",
	keywords = "pH-responsive, Doxorubicin, Microgels, Chordoma, Oligo(polyethylene glycol) fumarate"
}

@article{TorresLugo2002,
	title = "Physicochemical behavior and cytotoxic effects of p(methacrylic acid–g-ethylene glycol) nanospheres for oral delivery of proteins",
	journal = "Journal of Controlled Release",
	volume = "80",
	number = "1",
	pages = "197 - 205",
	year = "2002",
	issn = "0168-3659",
	doi = "https://doi.org/10.1016/S0168-3659(02)00027-5",
	url = "http://www.sciencedirect.com/science/article/pii/S0168365902000275",
	author = "Madeline Torres-Lugo and Marcos García and Rae Record and Nicholas A Peppas",
	keywords = "Transepithelial electrical resistance, Cytotoxicity, Oral delivery of peptides, pH-Sensitive hydrogels"
}

@article{Carr2010,
	author = {Carr, Daniel A. and Peppas, Nicholas A.},
	title = {Assessment of poly(methacrylic acid-co-N-vinyl pyrrolidone) as a carrier for the oral delivery of therapeutic proteins using Caco-2 and HT29-MTX cell lines},
	journal = {Journal of Biomedical Materials Research Part A},
	volume = {92A},
	number = {2},
	pages = {504-512},
	keywords = {hydrogels, insulin, oral delivery, cytocompatibility, cell culture},
	doi = {https://doi.org/10.1002/jbm.a.32395},
	url = {https://onlinelibrary.wiley.com/doi/abs/10.1002/jbm.a.32395},
	eprint = {https://onlinelibrary.wiley.com/doi/pdf/10.1002/jbm.a.32395},
	year = {2010}
}

@article{DuranLobato2014,
	annote = {doi: 10.1021/bm500588x},
	author = {Dur{\'{a}}n-Lobato, Matilde and Carrillo-Conde, Brenda and Khairandish, Yasmine and Peppas, Nicholas A},
	doi = {10.1021/bm500588x},
	issn = {1525-7797},
	journal = {Biomacromolecules},
	month = {jul},
	number = {7},
	pages = {2725--2734},
	publisher = {American Chemical Society},
	title = {{Surface-Modified P(HEMA-co-MAA) Nanogel Carriers for Oral Vaccine Delivery: Design, Characterization, and In Vitro Targeting Evaluation}},
	url = {https://doi.org/10.1021/bm500588x},
	volume = {15},
	year = {2014}
}

@article{Sharpe2018,
	annote = {doi: 10.1021/acs.biomac.7b01590},
	author = {Sharpe, Lindsey A and {Vela Ramirez}, Julia E and Haddadin, Olivia M and Ross, Kathleen A and Narasimhan, Balaji and Peppas, Nicholas A},
	doi = {10.1021/acs.biomac.7b01590},
	issn = {1525-7797},
	journal = {Biomacromolecules},
	month = {mar},
	number = {3},
	pages = {793--802},
	publisher = {American Chemical Society},
	title = {{pH-Responsive Microencapsulation Systems for the Oral Delivery of Polyanhydride Nanoparticles}},
	url = {https://doi.org/10.1021/acs.biomac.7b01590},
	volume = {19},
	year = {2018}
}

@article{ahualli2016coarse,
	title={Coarse-grained simulation study of dual-stimuli-responsive nanogels},
	author={Ahualli, Silvia and Maroto-Centeno, Jos{\'e} Alberto and Pikabea, Aintzane and Forcada, Jacqueline and Quesada-P{\'e}rez, Manuel},
	doi={10.1007/s00396-016-3832-8},
	journal={Colloid and Polymer Science},
	volume={294},
	number={4},
	pages={735--741},
	year={2016},
	publisher={Springer}
}
